@Booklet{SWIM:D1.5.1,
  author       = "Maurizio Sodano",
  TITLE        = "Overall SWIM Users Requrements",
  year         = "2008",
  howpublished = "pdf",
  note         = "Deliverable D1.5.1",
}

@Booklet{SWIM:D1.2.1,
  author       = "Darren Smith",
  TITLE        = "Information Content and Service Requirements",
  year         = "2008",
  howpublished = "pdf",
  note         = "Deliverable D1.2.1",
}

@Booklet{SWIM:D2.3.1,
  author       = "Georg TRAUSMUTH",
  TITLE        = "SWIM-SUIT information models and services",
  year         = "2008",
  howpublished = "pdf",
  note         = "Deliverable D1.5.1",
}

@Booklet{SWIM:A1.2,
  author       = "Maurizio Sodano",
  TITLE        = "Segment 2 Technical Overview",
  year         = "2009",
  howpublished = "pdf",
  note         = "Deliverable D1.2",
  address      = "Federal Aviation Administration, 800 Independence Avenue, Washington, D.C. 20591",
}


